@book{ross,
  author={Sheldon Ross},
  title={A First Course in Probability (Tenth Edition)},
  publisher={Pearson},
  year={2019},
}

@book{privault,
  author={Nicolas Privault},
  title={Understanding Markov Chains:
         Examples and Applications (Second Edition)},
  publisher={Springer},
  year={2018},
}

@book{BW,
  author={Joseph K. Blizstein and Jessica Hwang},
  title={Introduction to Probability (Second Edition)},
  publisher={CRC Press},
  year={2019},
}

@book{mosteller,
  author={Frederick Mosteller},
  title={Fifty Challenging Problems in Probability with Solutions},
  publisher={Dover},
  year={1965},
}

@misc{mos,
  author={Moti Ben-Ari},
  title={Mosteller's Challenging Problems in Probability},
  year=2022,
  howpublished={\url{https://github.com/motib/probability-mosteller}},
}

@misc{border,
  author={K.C. Border},
  title={Lecture 16: Simple Random Walk},
  year=2017,
  howpublished={\url{http://www.math.caltech.edu/~2016-17/2term/ma003/Notes/Lecture16.pdf}},
}